<?xml version="1.0" encoding="UTF-8"?><collection xmlns="http://www.loc.gov/MARC21/slim"><record><leader>00469nam--2200181-i-4500</leader><controlfield tag="001">000003105</controlfield><controlfield tag="002">20161230</controlfield><controlfield tag="005">20161230201025</controlfield><controlfield tag="008">060222s1000------------r-----000-0-eng-d</controlfield><datafield ind1=" " ind2=" " tag="040"><subfield code="a">IFIN-HH</subfield></datafield><datafield ind1=" " ind2=" " tag="080"><subfield code="a">802.0(075.3)</subfield></datafield><datafield ind1="1" ind2=" " tag="100"><subfield code="a">Camerlynck-guernier</subfield></datafield><datafield ind1="1" ind2="0" tag="245"><subfield code="a">England and the english</subfield><subfield code="c">Camerlynck-guernier, g.h. camerlynck</subfield></datafield><datafield ind1=" " ind2=" " tag="260"><subfield code="a">Paris</subfield><subfield code="b">Didier</subfield><subfield code="c">1951</subfield></datafield><datafield ind1=" " ind2=" " tag="300"><subfield code="a">255 P</subfield></datafield><datafield ind1="1" ind2=" " tag="700"><subfield code="a">Camerlynck, G.H</subfield></datafield><datafield ind1=" " ind2=" " tag="852"><subfield code="a">41882</subfield><subfield code="c">4</subfield></datafield><datafield ind1=" " ind2=" " tag="CAT"><subfield code="a">Sys</subfield><subfield code="c">20130205</subfield><subfield code="h">161310</subfield></datafield></record></collection>